% Encoding: UTF-8

@Book{duriez17bookMlc,
  title     = {Machine Learning Control-Taming Nonlinear Dynamics and Turbulence},
  publisher = {Springer},
  year      = {2017},
  author    = {Duriez, Thomas and Brunton, Steven L and Noack, Bernd R},
}

@Book{koza92bookGp,
  title     = {Genetic programming: on the programming of computers by means of natural selection},
  publisher = {MIT press},
  year      = {1992},
  author    = {Koza, John R and Koza, John R},
  volume    = {1},
}

@Book{russell16bookAi,
  title     = {Artificial intelligence: a modern approach},
  publisher = {Malaysia; Pearson Education Limited,},
  year      = {2016},
  author    = {Russell, Stuart J and Norvig, Peter},
}

@Book{sutton18bookRl,
  title     = {Reinforcement learning: An introduction},
  publisher = {MIT press},
  year      = {2018},
  author    = {Sutton, Richard S and Barto, Andrew G},
}

@InProceedings{koza99inprecGpDarwinian,
  author       = {Koza, John R and Bennett, Forrest H and Stiffelman, Oscar},
  title        = {Genetic programming as a Darwinian invention machine},
  booktitle    = {European Conference on Genetic Programming},
  year         = {1999},
  pages        = {93--108},
  organization = {Springer},
}

@Article{brockman16articleOpenAi,
  author  = {Brockman, Greg and Cheung, Vicki and Pettersson, Ludwig and Schneider, Jonas and Schulman, John and Tang, Jie and Zaremba, Wojciech},
  title   = {Openai gym},
  journal = {arXiv preprint arXiv:1606.01540},
  year    = {2016},
}

@Article{milad19GpSurveyApplic,
  author  = {Ahvanooey, Milad Taleby and Li, Qianmu and Wu, Ming and Wang, Shuo},
  title   = {A Survey of Genetic Programming and Its Applications.},
  journal = {TIIS},
  year    = {2019},
  volume  = {13},
  number  = {4},
  pages   = {1765--1794},
}

@article{koza00GpController,
	title={Automatic creation of human-competitive programs and controllers by means of genetic programming},
	author={Koza, John R and Keane, Martin A and Yu, Jessen and Bennett, Forrest H and Mydlowec, William},
	journal={Genetic Programming and Evolvable Machines},
	volume={1},
	number={1-2},
	pages={121--164},
	year={2000},
	publisher={Springer}
}

@InProceedings{koza02GpControllerImprov,
	title={Automatic synthesis using genetic programming of an improved general-purpose controller for industrially representative plants},
	author={Keane, Martin A and Koza, John R and Streeter, Matthew J},
	booktitle={Proceedings 2002 NASA/DoD Conference on Evolvable Hardware},
	pages={113--122},
	year={2002},
	organization={IEEE}
}

@MISC{koza97bookGp,
	author = {John R. Koza},
	title = {Genetic Programming},
	year = {1997}
}

@article{jordan15Ml,
	title={Machine learning: Trends, perspectives, and prospects},
	author={Jordan, Michael I and Mitchell, Tom M},
	journal={Science},
	volume={349},
	number={6245},
	pages={255--260},
	year={2015},
	publisher={American Association for the Advancement of Science}
}

@book{marsland14Ml,
	title={Machine learning: an algorithmic perspective},
	author={Marsland, Stephen},
	year={2014},
	publisher={Chapman and Hall/CRC}
}

@book{eiben03Ec,
	title={Introduction to evolutionary computing},
	author={Eiben, Agoston E and Smith, James E and others},
	volume={53},
	year={2003},
	publisher={Springer}
}

@article{wang11PidIp,
	title={Simulation studies of inverted pendulum based on PID controllers},
	author={Wang, Jia-Jun},
	journal={Simulation Modelling Practice and Theory},
	volume={19},
	number={1},
	pages={440--449},
	year={2011},
	publisher={Elsevier}
}

@misc{openaigym,
	title = {{OpenAI} Gym},
	howpublished = {\url{https://gym.openai.com/}},
	note = {Acessado: 18/07/2019}
}

@misc{deap,
	title = {{DEAP} Distributed Evolutionary Algorithms in Python},
	howpublished = {\url{https://github.com/deap/deap}},
	note = {Acessado: 18/07/2019}
}

@article{olfa13PendInv,
	title={The inverted pendulum benchmark in nonlinear control theory: a survey},
	author={Boubaker, Olfa},
	journal={International Journal of Advanced Robotic Systems},
	volume={10},
	number={5},
	pages={233},
	year={2013},
	publisher={SAGE Publications Sage UK: London, England}
}

@inproceedings{miller08Cgp,
	title={Cartesian genetic programming},
	author={Miller, Julian Francis and Harding, Simon L},
	booktitle={Proceedings of the 10th annual conference companion on Genetic and evolutionary computation},
	pages={2701--2726},
	year={2008},
	organization={ACM}
}

@phdthesis{douglas05Pgl,
	doi = {10.17771/pucrio.acad.6666},
	url = {https://doi.org/10.17771/pucrio.acad.6666},
	publisher = {Faculdades Catolicas},
	author = {DOUGLAS MOTA DIAS},
	title = {Síntese Automárica de Programas para Microcontroladores Digitais por Programação Genética}
}

@article{barto83CartPole,
	title={Neuronlike adaptive elements that can solve difficult learning control problems},
	author={Barto, Andrew G and Sutton, Richard S and Anderson, Charles W},
	journal={IEEE transactions on systems, man, and cybernetics},
	number={5},
	pages={834--846},
	year={1983},
	publisher={IEEE}
}

@misc{gymCartPole,
	title = {OpenAI Gym - Cart Pole Environment},
	howpublished = {\url{https://github.com/openai/gym/blob/master/gym/envs/classic_control/cartpole.py}},
	note = {Acessado: 23/07/2019}
}

@misc{deapdocs,
	title = {DEAP - Documentation},
	howpublished = {\url{https://deap.readthedocs.io/en/master/}},
	note = {Acessado: 27/07/2019}
}

@inproceedings{alan06PopSize,
	title={Genetic programming: Optimal population sizes for varying complexity problems},
	author={Piszcz, Alan and Soule, Terence},
	booktitle={Proceedings of the 8th annual conference on Genetic and evolutionary computation},
	pages={953--954},
	year={2006},
	organization={ACM}
}

@book{poli08GpFieldGuide,
	title={A field guide to genetic programming},
	author={Poli, Riccardo and Langdon, William B and McPhee, Nicholas F and Koza, John R},
	year={2008},
	publisher={Lulu. com}
}

@Comment{jabref-meta: databaseType:bibtex;}
